<record><leader>00000cas a22000007a 4500</leader><controlfield tag="001">15213104</controlfield><controlfield tag="008">870219d18uu1uuumoudr ne      0    0eng d</controlfield><datafield ind1=" " ind2=" " tag="010"><subfield code="a">sn 87052212 </subfield></datafield><datafield ind1=" " ind2=" " tag="040"><subfield code="a">NPX</subfield><subfield code="b">eng</subfield><subfield code="c">NPX</subfield><subfield code="d">MQN</subfield><subfield code="d">NVF</subfield><subfield code="d">OCLCQ</subfield></datafield><datafield ind1=" " ind2=" " tag="042"><subfield code="a">msc</subfield></datafield><datafield ind1="0" ind2=" " tag="130"><subfield code="a">Kansas City times (Saint Louis, Mo.)</subfield></datafield><datafield ind1="1" ind2="4" tag="245"><subfield code="a">The Kansas City times.</subfield></datafield><datafield ind1=" " ind2=" " tag="250"><subfield code="a">St. Louis ed.</subfield></datafield><datafield ind1=" " ind2=" " tag="260"><subfield code="a">St. Louis, Mo. :</subfield><subfield code="b">[s.n.]</subfield></datafield><datafield ind1=" " ind2=" " tag="300"><subfield code="a">v.</subfield></datafield><datafield ind1=" " ind2=" " tag="310"><subfield code="a">Daily</subfield></datafield><datafield ind1=" " ind2=" " tag="580"><subfield code="a">Published as part of St. Louis daily journal.</subfield></datafield><datafield ind1=" " ind2=" " tag="588"><subfield code="a">Description based on: June 28, 1876.</subfield></datafield><datafield ind1=" " ind2=" " tag="752"><subfield code="a">United States</subfield><subfield code="b">Missouri</subfield><subfield code="d">Saint Louis.</subfield></datafield><datafield ind1="0" ind2=" " tag="775"><subfield code="t">Kansas City times (Kansas City, Mo. : 1872)</subfield><subfield code="w">(DLC)sn 90061219</subfield></datafield><datafield ind1="1" ind2=" " tag="775"><subfield code="t">St. Louis daily journal</subfield><subfield code="w">(DLC)sn 84020192</subfield></datafield></record>